@article{saleem2020iot,
  author    = {Khira Saleem and Imran Sarwar Bajwa and Nadeem Sarwar Waheed Anwar and Amna Ashraf},
  title     = {IoT Healthcare: Design of Smart and Cost-Effective Sleep Quality Monitoring System},
  journal   = {Journal of Sensors},
  year      = {2020},
  volume    = {2020},
  articleno = {8882378},
  note      = {Texas Instruments [Электронный ресурс]},
  url       = {http://www.ti.com/}
}

@article{saad2021sleep,
  author    = {W.H.M. Saad and A.S.M. Shokri and S.A. Radzi and S.J.A. Razak and M.N.S. Zainudin},
  title     = {Development on sleep monitoring system configuration toward an optimal ambient condition setting of the sleep quality},
  journal   = {Asian Journal of Medical Technology},
  year      = {2021}
}

@article{peng2007multimodality,
  author    = {Ya-Ti Peng and Ching-Yung Lin and Ming-Ting Sun and Carol A. Landis},
  title     = {Multimodality Sensor System for Long-Term Sleep Quality Monitoring},
  journal   = {IEEE Transactions on biomedical circuits and systems},
  year      = {2007},
  volume    = {1},
  number    = {3}
}
